{
  "leader": "05872cam a2200709 i 4500",
  "fields": [
    {
      "001": "ocn870663482"
    },
    {
      "003": "OCoLC"
    },
    {
      "005": "20220301114730.0"
    },
    {
      "008": "141029s2014\\\\\\\\nyuacf\\\\\\b\\\\\\\\001\\0beng\\d"
    },
    {
      "010": {
        "ind1": "\\",
        "ind2": "\\",
        "subfields": [
          {
            "a": "  2013497351"
          }
        ]
      }
    },
    {
      "040": {
        "ind1": "\\",
        "ind2": "\\",
        "subfields": [
          {
            "a": "YDXCP"
          },
          {
            "b": "eng"
          },
          {
            "e": "rda"
          },
          {
            "c": "DLC"
          },
          {
            "d": "YDXCP"
          },
          {
            "d": "BDX"
          },
          {
            "d": "GK8"
          },
          {
            "d": "UPZ"
          },
          {
            "d": "OCO"
          },
          {
            "d": "NYP"
          },
          {
            "d": "BUR"
          },
          {
            "d": "JP3"
          },
          {
            "d": "JAO"
          },
          {
            "d": "UOK"
          },
          {
            "d": "CDX"
          },
          {
            "d": "JQM"
          },
          {
            "d": "OCLCF"
          },
          {
            "d": "IXA"
          },
          {
            "d": "VP@"
          },
          {
            "d": "ORU"
          },
          {
            "d": "KEC"
          },
          {
            "d": "EZU"
          },
          {
            "d": "OCL"
          },
          {
            "d": "NLGGC"
          },
          {
            "d": "WVX"
          },
          {
            "d": "GBVCP"
          },
          {
            "d": "OCLCQ"
          },
          {
            "d": "KOL"
          },
          {
            "d": "OCLCQ"
          },
          {
            "d": "DYJ"
          },
          {
            "d": "SHM"
          },
          {
            "d": "NZAUC"
          },
          {
            "d": "OCLCO"
          },
          {
            "d": "OCLCQ"
          },
          {
            "d": "OCLCO"
          },
          {
            "d": "OCL"
          },
          {
            "d": "SFR"
          },
          {
            "d": "OCLCQ"
          },
          {
            "d": "NDS"
          },
          {
            "d": "VZT"
          },
          {
            "d": "CSJ"
          },
          {
            "d": "OCLCA"
          },
          {
            "d": "OCL"
          },
          {
            "d": "OCLCQ"
          },
          {
            "d": "OCLCO"
          },
          {
            "d": "IOG"
          },
          {
            "d": "JRA"
          },
          {
            "d": "UTP"
          },
          {
            "d": "CBA"
          },
          {
            "d": "OCLCO"
          },
          {
            "d": "GZN"
          },
          {
            "d": "OCLCO"
          },
          {
            "d": "ZQP"
          },
          {
            "d": "OCLCO"
          },
          {
            "d": "OCL"
          },
          {
            "d": "OCLCA"
          },
          {
            "d": "OCLCQ"
          },
          {
            "d": "OCLCO"
          }
        ]
      }
    },
    {
      "019": {
        "ind1": "\\",
        "ind2": "\\",
        "subfields": [
          {
            "a": "892965362"
          },
          {
            "a": "936057487"
          },
          {
            "a": "1039942968"
          },
          {
            "a": "1102207083"
          }
        ]
      }
    },
    {
      "020": {
        "ind1": "\\",
        "ind2": "\\",
        "subfields": [
          {
            "a": "9780375505805"
          },
          {
            "q": "(hardcover ;"
          },
          {
            "q": "acid-free paper)"
          }
        ]
      }
    },
    {
      "020": {
        "ind1": "\\",
        "ind2": "\\",
        "subfields": [
          {
            "a": "0375505806"
          },
          {
            "q": "(hardcover ;"
          },
          {
            "q": "acid-free paper)"
          }
        ]
      }
    },
    {
      "020": {
        "ind1": "\\",
        "ind2": "\\",
        "subfields": [
          {
            "z": "9780812996876"
          },
          {
            "q": "(ebook)"
          }
        ]
      }
    },
    {
      "035": {
        "ind1": "\\",
        "ind2": "\\",
        "subfields": [
          {
            "a": "(OCoLC)870663482"
          },
          {
            "z": "(OCoLC)892965362"
          },
          {
            "z": "(OCoLC)936057487"
          },
          {
            "z": "(OCoLC)1039942968"
          },
          {
            "z": "(OCoLC)1102207083"
          }
        ]
      }
    },
    {
      "042": {
        "ind1": "\\",
        "ind2": "\\",
        "subfields": [
          {
            "a": "lccopycat"
          }
        ]
      }
    },
    {
      "043": {
        "ind1": "\\",
        "ind2": "\\",
        "subfields": [
          {
            "a": "n-us---"
          }
        ]
      }
    },
    {
      "050": {
        "ind1": "0",
        "ind2": "0",
        "subfields": [
          {
            "a": "E748.R673"
          },
          {
            "b": "S65 2014"
          }
        ]
      }
    },
    {
      "082": {
        "ind1": "0",
        "ind2": "4",
        "subfields": [
          {
            "a": "973.925092"
          },
          {
            "b": "SMI"
          }
        ]
      }
    },
    {
      "049": {
        "ind1": "\\",
        "ind2": "\\",
        "subfields": [
          {
            "a": "NYRV"
          }
        ]
      }
    },
    {
      "100": {
        "ind1": "1",
        "ind2": "\\",
        "subfields": [
          {
            "a": "Smith, Richard Norton,"
          },
          {
            "d": "1953-"
          }
        ]
      }
    },
    {
      "245": {
        "ind1": "1",
        "ind2": "0",
        "subfields": [
          {
            "a": "On his own terms :"
          },
          {
            "b": "a life of Nelson Rockefeller /"
          },
          {
            "c": "Richard Norton Smith."
          }
        ]
      }
    },
    {
      "246": {
        "ind1": "3",
        "ind2": "0",
        "subfields": [
          {
            "a": "Nelson Rockefeller"
          }
        ]
      }
    },
    {
      "250": {
        "ind1": "\\",
        "ind2": "\\",
        "subfields": [
          {
            "a": "First edition."
          }
        ]
      }
    },
    {
      "264": {
        "ind1": "\\",
        "ind2": "1",
        "subfields": [
          {
            "a": "New York :"
          },
          {
            "b": "Random House,"
          },
          {
            "c": "[2014]"
          }
        ]
      }
    },
    {
      "264": {
        "ind1": "\\",
        "ind2": "4",
        "subfields": [
          {
            "c": "\u00a92014"
          }
        ]
      }
    },
    {
      "300": {
        "ind1": "\\",
        "ind2": "\\",
        "subfields": [
          {
            "a": "xxxiv, 842 pages, 32 unnumbered pages of plates :"
          },
          {
            "b": "illustrations, portraits ;"
          },
          {
            "c": "25 cm"
          }
        ]
      }
    },
    {
      "336": {
        "ind1": "\\",
        "ind2": "\\",
        "subfields": [
          {
            "a": "text"
          },
          {
            "b": "txt"
          },
          {
            "2": "rdacontent"
          }
        ]
      }
    },
    {
      "337": {
        "ind1": "\\",
        "ind2": "\\",
        "subfields": [
          {
            "a": "unmediated"
          },
          {
            "b": "n"
          },
          {
            "2": "rdamedia"
          }
        ]
      }
    },
    {
      "338": {
        "ind1": "\\",
        "ind2": "\\",
        "subfields": [
          {
            "a": "volume"
          },
          {
            "b": "nc"
          },
          {
            "2": "rdacarrier"
          }
        ]
      }
    },
    {
      "504": {
        "ind1": "\\",
        "ind2": "\\",
        "subfields": [
          {
            "a": "Includes bibliographical references (pages 803-808) and index."
          }
        ]
      }
    },
    {
      "505": {
        "ind1": "0",
        "ind2": "\\",
        "subfields": [
          {
            "a": "Prologue : July 1964 \"This is still a free country, ladies and gentlemen\" -- pt. 1. Born to lead (1908-1936) -- The house that sugar built -- Oil and water -- \"What are we going to learn today that's new?\" -- \"The luckiest person in the world\" -- The art of the possible -- Prometheus -- pt. 2. Full throttle (1937-1955) -- A Latin from Manhattan -- At war -- United Nations -- Too much, too soon -- The general manager -- Brainstorming -- pt. 3. An authentic representative of the people (1956-1964) -- Rollin' with Rock -- Pay as you go -- In and out -- Loss and renewal -- Second chances -- The road to San Francisco -- pt. 4. The limits of power (1965-1971) -- Change of course -- Rock bottom -- Too much, too late -- Leaning right -- Attica -- pt. 5. Out of step (1972-1979) -- The boss of New York -- \"The closest I'm ever going to get ...\" -- The day of the dead."
          }
        ]
      }
    },
    {
      "520": {
        "ind1": "\\",
        "ind2": "\\",
        "subfields": [
          {
            "a": "Grandson of oil magnate John D. Rockefeller, Nelson coveted the White House from childhood. Before he was thirty, he had helped his father develop Rockefeller Center and his mother establish the Museum of Modern Art. At 32 he was Franklin Roosevelt's wartime coordinator for Latin America. As New York's four-term governor he set national standards in education, the environment, and urban policy. The charismatic face of liberal Republicanism, Rockefeller championed civil rights and health insurance for all. Three times he sought the presidency -- arguably in the wrong party. At the Republican National Convention in San Francisco in 1964, locked in an epic battle with Barry Goldwater, Rockefeller denounced extremist elements in the GOP, a moment that changed the party forever. But he could not wrest the nomination from the Arizona conservative, or from Richard Nixon four years later. In the end, he had to settle for two dispiriting years as vice president under Gerald Ford. Here, historian Richard Norton Smith re-creates Rockefeller's improbable rise to the governor's mansion, his politically disastrous divorce and remarriage, and his often surprising relationships with presidents and political leaders from FDR to Henry Kissinger. From the deadly 1971 prison uprising at Attica and unceasing battles with New York City mayor John Lindsay to his son's unsolved disappearance, the punitive drug laws that bear his name, and the much-gossiped-about circumstances of his death, Nelson Rockefeller's was a life of astonishing color, range, and relevance. This biography draws on thousands of newly available documents and interviews, including Rockefeller's own unpublished reminiscences."
          }
        ]
      }
    },
    {
      "600": {
        "ind1": "1",
        "ind2": "0",
        "subfields": [
          {
            "a": "Rockefeller, Nelson A."
          },
          {
            "q": "(Nelson Aldrich),"
          },
          {
            "d": "1908-1979."
          }
        ]
      }
    },
    {
      "610": {
        "ind1": "2",
        "ind2": "0",
        "subfields": [
          {
            "a": "Republican Party (U.S. : 1854- )"
          },
          {
            "x": "History"
          },
          {
            "y": "20th century."
          }
        ]
      }
    },
    {
      "600": {
        "ind1": "1",
        "ind2": "7",
        "subfields": [
          {
            "a": "Rockefeller, Nelson A."
          },
          {
            "q": "(Nelson Aldrich),"
          },
          {
            "d": "1908-1979"
          },
          {
            "2": "fast"
          },
          {
            "0": "(OCoLC)fst00016746"
          }
        ]
      }
    },
    {
      "610": {
        "ind1": "2",
        "ind2": "7",
        "subfields": [
          {
            "a": "Republican Party (U.S. : 1854- )"
          },
          {
            "2": "fast"
          },
          {
            "0": "(OCoLC)fst00544975"
          }
        ]
      }
    },
    {
      "650": {
        "ind1": "\\",
        "ind2": "0",
        "subfields": [
          {
            "a": "Politicians"
          },
          {
            "z": "United States"
          },
          {
            "v": "Biography."
          }
        ]
      }
    },
    {
      "650": {
        "ind1": "\\",
        "ind2": "0",
        "subfields": [
          {
            "a": "Philanthropists"
          },
          {
            "z": "United States"
          },
          {
            "v": "Biography."
          }
        ]
      }
    },
    {
      "650": {
        "ind1": "\\",
        "ind2": "0",
        "subfields": [
          {
            "a": "Businessmen"
          },
          {
            "z": "United States"
          },
          {
            "v": "Biography."
          }
        ]
      }
    },
    {
      "650": {
        "ind1": "\\",
        "ind2": "0",
        "subfields": [
          {
            "a": "Governors"
          },
          {
            "z": "New York (State)"
          },
          {
            "v": "Biography."
          }
        ]
      }
    },
    {
      "650": {
        "ind1": "\\",
        "ind2": "0",
        "subfields": [
          {
            "a": "Presidential candidates"
          },
          {
            "v": "Biography."
          }
        ]
      }
    },
    {
      "651": {
        "ind1": "\\",
        "ind2": "0",
        "subfields": [
          {
            "a": "United States"
          },
          {
            "x": "Politics and government"
          },
          {
            "y": "20th century."
          }
        ]
      }
    },
    {
      "650": {
        "ind1": "\\",
        "ind2": "7",
        "subfields": [
          {
            "a": "Presidential candidates."
          },
          {
            "2": "fast"
          },
          {
            "0": "(OCoLC)fst01075708"
          }
        ]
      }
    },
    {
      "650": {
        "ind1": "\\",
        "ind2": "7",
        "subfields": [
          {
            "a": "Politics and government."
          },
          {
            "2": "fast"
          },
          {
            "0": "(OCoLC)fst01919741"
          }
        ]
      }
    },
    {
      "650": {
        "ind1": "\\",
        "ind2": "7",
        "subfields": [
          {
            "a": "Politicians."
          },
          {
            "2": "fast"
          },
          {
            "0": "(OCoLC)fst01069915"
          }
        ]
      }
    },
    {
      "650": {
        "ind1": "\\",
        "ind2": "7",
        "subfields": [
          {
            "a": "Philanthropists."
          },
          {
            "2": "fast"
          },
          {
            "0": "(OCoLC)fst01060593"
          }
        ]
      }
    },
    {
      "650": {
        "ind1": "\\",
        "ind2": "7",
        "subfields": [
          {
            "a": "Governors."
          },
          {
            "2": "fast"
          },
          {
            "0": "(OCoLC)fst00945704"
          }
        ]
      }
    },
    {
      "650": {
        "ind1": "\\",
        "ind2": "7",
        "subfields": [
          {
            "a": "Businessmen."
          },
          {
            "2": "fast"
          },
          {
            "0": "(OCoLC)fst00842951"
          }
        ]
      }
    },
    {
      "651": {
        "ind1": "\\",
        "ind2": "7",
        "subfields": [
          {
            "a": "United States."
          },
          {
            "2": "fast"
          },
          {
            "0": "(OCoLC)fst01204155"
          }
        ]
      }
    },
    {
      "651": {
        "ind1": "\\",
        "ind2": "7",
        "subfields": [
          {
            "a": "New York (State)"
          },
          {
            "2": "fast"
          },
          {
            "0": "(OCoLC)fst01210280"
          }
        ]
      }
    },
    {
      "648": {
        "ind1": "\\",
        "ind2": "7",
        "subfields": [
          {
            "a": "1900-1999"
          },
          {
            "2": "fast"
          }
        ]
      }
    },
    {
      "655": {
        "ind1": "\\",
        "ind2": "7",
        "subfields": [
          {
            "a": "History."
          },
          {
            "2": "fast"
          },
          {
            "0": "(OCoLC)fst01411628"
          }
        ]
      }
    },
    {
      "655": {
        "ind1": "\\",
        "ind2": "7",
        "subfields": [
          {
            "a": "Biographies."
          },
          {
            "2": "fast"
          },
          {
            "0": "(OCoLC)fst01919896"
          }
        ]
      }
    },
    {
      "655": {
        "ind1": "\\",
        "ind2": "7",
        "subfields": [
          {
            "a": "Biographies."
          },
          {
            "2": "lcgft"
          }
        ]
      }
    },
    {
      "856": {
        "ind1": "4",
        "ind2": "1",
        "subfields": [
          {
            "3": "Sample text"
          },
          {
            "u": "http://catdir.loc.gov/catdir/enhancements/fy1503/2013497351-s.html"
          }
        ]
      }
    },
    {
      "856": {
        "ind1": "4",
        "ind2": "2",
        "subfields": [
          {
            "3": "Contributor biographical information"
          },
          {
            "u": "http://catdir.loc.gov/catdir/enhancements/fy1503/2013497351-b.html"
          }
        ]
      }
    },
    {
      "856": {
        "ind1": "4",
        "ind2": "2",
        "subfields": [
          {
            "3": "Publisher description"
          },
          {
            "u": "http://catdir.loc.gov/catdir/enhancements/fy1503/2013497351-d.html"
          }
        ]
      }
    },
    {
      "912": {
        "ind1": "\\",
        "ind2": "\\",
        "subfields": []
      }
    },
    {
      "999": {
        "ind1": "\\",
        "ind2": "\\",
        "subfields": [
          {
            "a": "00000000025263"
          }
        ]
      }
    },
    {
      "994": {
        "ind1": "\\",
        "ind2": "\\",
        "subfields": [
          {
            "a": "C0"
          },
          {
            "b": "NYRVC"
          }
        ]
      }
    }
  ]
}